 @article{Caplow1982,
     jstor_articletype = {research-article},
     title = {Christmas Gifts and Kin Networks},
     author = {Caplow, Theodore},
     journal = {American Sociological Review},
     jstor_issuetitle = {},
     volume = {47},
     number = {3},
     jstor_formatteddate = {Jun., 1982},
     pages = {pp. 383-392},
     url = {http://www.jstor.org/stable/2094994},
     year = {1982},
     publisher = {American Sociological Association},
     copyright = {Copyright Â© 1982 American Sociological Association},
    }


@article{Dunn2008,
  title={Spending money on others promotes happiness},
  author={Dunn, Elizabeth W and Aknin, Lara B and Norton, Michael I},
  journal={Science},
  volume={319},
  number={5870},
  pages={1687--1688},
  year={2008},
  publisher={American Association for the Advancement of Science}
}


@article{Goodwin1990,
  title={Gift giving: consumer motivation and the gift purchase process},
  author={Goodwin, Cathy and Smith, Kelly L and Spiggle, Susan},
  journal={Advances in consumer research},
  volume={17},
  number={1},
  pages={690--698},
  year={1990},
  publisher={Association for Consumer Research Provo, UT}
}


@article{Khan2006,
  title={Licensing effect in consumer choice},
  author={Khan, Uzma and Dhar, Ravi},
  journal={Journal of Marketing Research},
  volume={43},
  number={2},
  pages={259--266},
  year={2006},
  publisher={American Marketing Association}
}


@article{Mischel1968,
  title={Effects of success and failure on self-gratification.},
  author={Mischel, Walter and Coates, Brian and Raskoff, Antonette},
  journal={Journal of Personality and Social Psychology},
  volume={10},
  number={4},
  pages={381},
  year={1968},
  publisher={American Psychological Association}
}


@article{Perry1985,
  title={Happiness: When does it lead to self-indulgence and when does it lead to self-denial?},
  author={Perry, Louise C and Perry, David G and English, David},
  journal={Journal of Experimental Child Psychology},
  volume={39},
  number={2},
  pages={203--211},
  year={1985},
  publisher={Elsevier}
}


@article{Rosenhan1974,
  title={Affect moderates self-gratification and altruism.},
  author={Rosenhan, David L and Underwood, Bill and Moore, Bert},
  journal={Journal of personality and social psychology},
  volume={30},
  number={4},
  pages={546},
  year={1974},
  publisher={American Psychological Association}
}



@article{Wolfinbarger1990,
  title={Motivations and symbolism in gift-giving behavior},
  author={Wolfinbarger, Mary F},
  journal={Advances in consumer research},
  volume={17},
  number={1},
  pages={699--706},
  year={1990},
  publisher={Association for Consumer Research Provo, UT}
}



@article{sherry1983,
  title={Gift giving in anthropological perspective},
  author={Sherry Jr, John F},
  journal={Journal of consumer research},
  pages={157--168},
  year={1983},
  publisher={JSTOR}
}



@article{demarree2005,
  title={Priming a new identity: self-monitoring moderates the effects of nonself primes on self-judgments and behavior.},
  author={DeMarree, Kenneth G and Wheeler, S Christian and Petty, Richard E},
  journal={Journal of personality and social psychology},
  volume={89},
  number={5},
  pages={657},
  year={2005},
  publisher={American Psychological Association}
}


@article{kivetz2002,
  title={Earning the right to indulge: Effort as a determinant of customer preferences toward frequency program rewards},
  author={Kivetz, Ran and Simonson, Itamar},
  journal={Journal of Marketing Research},
  volume={39},
  number={2},
  pages={155--170},
  year={2002},
  publisher={American Marketing Association}
}



@book{maslow1970,
  title={Motivation and personality},
  author={Maslow, Abraham Harold and Frager, Robert and Fadiman, James and McReynolds, Cynthia and Cox, Ruth},
  volume={2},
  year={1970},
  publisher={Harper \& Row New York}
}


@article{prelec1998,
  title={The red and the black: Mental accounting of savings and debt},
  author={Prelec, Drazen and Loewenstein, George},
  journal={Marketing Science},
  volume={17},
  number={1},
  pages={4--28},
  year={1998},
  publisher={INFORMS}
}


@article{strahilevitz1998,
  title={Donations to charity as purchase incentives: How well they work may depend on what you are trying to sell},
  author={Strahilevitz, Michal Ann and Myers, John},
  journal={Journal of consumer research},
  volume={24},
  number={4},
  pages={434},
  year={1998}
}







@unpublished{GaudeckerEconProjectTemplates,
	Author = {Hans-Martin von Gaudecker},
	Note = {\url{https://github.com/hmgaudecker/econ-project-templates}},
	Title = {Templates for Reproducible Research Projects in Economics},
	Year = {2014}
}


